

% ** scRNA-Seq data modeling

@article{sarkar2020separating,
  title={Separating measurement and expression models clarifies confusion in single cell RNA-seq analysis},
  author={Sarkar, Abhishek K and Stephens, Matthew},
  journal={bioRxiv},
  year={2020},
  publisher={Cold Spring Harbor Laboratory}
}

@article{chen2018umi,
  title={UMI-count modeling and differential expression analysis for single-cell RNA sequencing},
  author={Chen, Wenan and Li, Yan and Easton, John and Finkelstein, David and Wu, Gang and Chen, Xiang},
  journal={Genome biology},
  volume={19},
  number={1},
  pages={70},
  year={2018},
  publisher={BioMed Central}
}

@article{islam2014quantitative,
  title={Quantitative single-cell RNA-seq with unique molecular identifiers},
  author={Islam, Saiful and Zeisel, Amit and Joost, Simon and La Manno, Gioele and Zajac, Pawel and Kasper, Maria and L{\"o}nnerberg, Peter and Linnarsson, Sten},
  journal={Nature methods},
  volume={11},
  number={2},
  pages={163},
  year={2014},
  publisher={Nature Publishing Group}
}

@article{islam2014quantitative,
  title={Quantitative single-cell RNA-seq with unique molecular identifiers},
  author={Islam, Saiful and Zeisel, Amit and Joost, Simon and La Manno, Gioele and Zajac, Pawel and Kasper, Maria and L{\"o}nnerberg, Peter and Linnarsson, Sten},
  journal={Nature methods},
  volume={11},
  number={2},
  pages={163},
  year={2014},
  publisher={Nature Publishing Group}
}

@article{choi2020bayesian,
  title={Bayesian model selection reveals biological origins of zero inflation in single-cell transcriptomics},
  author={Choi, Kwangbom and Chen, Yang and Skelly, Daniel A and Churchill, Gary A},
  journal={bioRxiv},
  year={2020},
  publisher={Cold Spring Harbor Laboratory}
}

@article{hu2020simples,
  title={SIMPLEs: a single-cell RNA sequencing imputation strategy preserving gene modules and cell clusters variation},
  author={Hu, Zhirui and Zu, Songpeng and Liu, Jun S},
  journal={bioRxiv},
  year={2020},
  publisher={Cold Spring Harbor Laboratory}
}

@inproceedings{ainsworth2018oi,
  title={oi-VAE: Output interpretable VAEs for nonlinear group factor analysis},
  author={Ainsworth, Samuel K and Foti, Nicholas J and Lee, Adrian KC and Fox, Emily B},
  booktitle={International Conference on Machine Learning},
  pages={119--128},
  year={2018}
}

@article{kyung2010penalized,
  title={Penalized regression, standard errors, and Bayesian lassos},
  author={Kyung, Minjung and Gill, Jeff and Ghosh, Malay and Casella, George and others},
  journal={Bayesian Analysis},
  volume={5},
  number={2},
  pages={369--411},
  year={2010},
  publisher={International Society for Bayesian Analysis}
}

@article{durante2020single,
  title={Single-cell analysis reveals new evolutionary complexity in uveal melanoma},
  author={Durante, Michael A and Rodriguez, Daniel A and Kurtenbach, Stefan and Kuznetsov, Jeffim N and Sanchez, Margaret I and Decatur, Christina L and Snyder, Helen and Feun, Lynn G and Livingstone, Alan S and Harbour, J William},
  journal={Nature communications},
  volume={11},
  number={1},
  pages={1--10},
  year={2020},
  publisher={Nature Publishing Group}
}

@article{zhang2019simulating,
  title={Simulating multiple faceted variability in single cell RNA sequencing},
  author={Zhang, Xiuwei and Xu, Chenling and Yosef, Nir},
  journal={Nature communications},
  volume={10},
  number={1},
  pages={1--16},
  year={2019},
  publisher={Nature Publishing Group}
}

@article{kucukelbir2017automatic,
  title={Automatic differentiation variational inference},
  author={Kucukelbir, Alp and Tran, Dustin and Ranganath, Rajesh and Gelman, Andrew and Blei, David M},
  journal={The Journal of Machine Learning Research},
  volume={18},
  number={1},
  pages={430--474},
  year={2017},
  publisher={JMLR. org}
}

@article{bingham2019pyro,
  author    = {Eli Bingham and
               Jonathan P. Chen and
               Martin Jankowiak and
               Fritz Obermeyer and
               Neeraj Pradhan and
               Theofanis Karaletsos and
               Rohit Singh and
               Paul A. Szerlip and
               Paul Horsfall and
               Noah D. Goodman},
  title     = {Pyro: Deep Universal Probabilistic Programming},
  journal   = {J. Mach. Learn. Res.},
  volume    = {20},
  pages     = {28:1--28:6},
  year      = {2019},
  url       = {http://jmlr.org/papers/v20/18-403.html}
}

@article{wolf2018scanpy,
  title={SCANPY: large-scale single-cell gene expression data analysis},
  author={Wolf, F Alexander and Angerer, Philipp and Theis, Fabian J},
  journal={Genome biology},
  volume={19},
  number={1},
  pages={15},
  year={2018},
  publisher={BioMed Central}
}

@article{svensson2020droplet,
  title={Droplet scRNA-seq is not zero-inflated},
  author={Svensson, Valentine},
  journal={Nature Biotechnology},
  volume={38},
  number={2},
  pages={147--150},
  year={2020},
  publisher={Nature Publishing Group}
}

@article{kharchenko2014bayesian,
  title={Bayesian approach to single-cell differential expression analysis},
  author={Kharchenko, Peter V and Silberstein, Lev and Scadden, David T},
  journal={Nature methods},
  volume={11},
  number={7},
  pages={740--742},
  year={2014},
  publisher={Nature Publishing Group}
}

@article{yuen2020high,
  title={High systemic and tumor-associated IL-8 correlates with reduced clinical benefit of PD-L1 blockade},
  author={Yuen, Kobe C and Liu, Li-Fen and Gupta, Vinita and Madireddi, Shravan and Keerthivasan, Shilpa and Li, Congfen and Rishipathak, Deepali and Williams, Patrick and Kadel, Edward E and Koeppen, Hartmut and others},
  journal={Nature Medicine},
  volume={26},
  number={5},
  pages={693--698},
  year={2020},
  publisher={Nature Publishing Group}
}

@article{kim2020demystifying,
  title={Demystifying" drop-outs" in single cell UMI data},
  author={Kim, Tae and Zhou, Xiang and Chen, Mengjie},
  journal={bioRxiv},
  year={2020},
  publisher={Cold Spring Harbor Laboratory}
}

@article{townes2019feature,
  title={Feature selection and dimension reduction for single-cell RNA-Seq based on a multinomial model},
  author={Townes, F William and Hicks, Stephanie C and Aryee, Martin J and Irizarry, Rafael A},
  journal={Genome biology},
  volume={20},
  number={1},
  pages={1--16},
  year={2019},
  publisher={Springer}
}

@article{korsunsky2019fast,
  title={Fast, sensitive and accurate integration of single-cell data with Harmony},
  author={Korsunsky, Ilya and Millard, Nghia and Fan, Jean and Slowikowski, Kamil and Zhang, Fan and Wei, Kevin and Baglaenko, Yuriy and Brenner, Michael and Loh, Po-ru and Raychaudhuri, Soumya},
  journal={Nature methods},
  pages={1--8},
  year={2019},
  publisher={Nature Publishing Group}
}

@article{schmid2020design,
  title={Design and power analysis for multi-sample single cell genomics experiments},
  author={Schmid, Katharina T and Cruceanu, Cristiana and Boettcher, Anika and Lickert, Heiko and Binder, Elisabeth B and Theis, Fabian J and Heinig, Matthias},
  journal={bioRxiv},
  year={2020},
  publisher={Cold Spring Harbor Laboratory}
}

@article{love2014moderated,
  title={Moderated estimation of fold change and dispersion for RNA-seq data with DESeq2},
  author={Love, Michael I and Huber, Wolfgang and Anders, Simon},
  journal={Genome biology},
  volume={15},
  number={12},
  pages={550},
  year={2014},
  publisher={Springer}
}